<collection xmlns="http://www.loc.gov/MARC21/slim">
<record>
  <leader>02966nam0a22004211i 450 </leader>
  <controlfield tag="001">IT\ICCU\CNCE\049552</controlfield>
  <controlfield tag="005">20140311000000.0</controlfield>
  <datafield tag="012" ind1=" " ind2=" ">
    <subfield code="a">umf- uea. b-ad noip (3) 1572 (R)</subfield>
    <subfield code="2">fei</subfield>
    <subfield code="9">1</subfield>
  </datafield>
  <datafield tag="012" ind1=" " ind2=" ">
    <subfield code="a">isbo o-du e,ni cocu (C) 1572 (R)</subfield>
    <subfield code="2">fei</subfield>
    <subfield code="9">2</subfield>
  </datafield>
  <datafield tag="012" ind1=" " ind2=" ">
    <subfield code="a">onum uiu- unda 15Va (C) 1572 (R)</subfield>
    <subfield code="2">fei</subfield>
    <subfield code="9">3</subfield>
  </datafield>
  <datafield tag="100" ind1=" " ind2=" ">
    <subfield code="a">19991105d1572        0itac0103    ba</subfield>
  </datafield>
  <datafield tag="101" ind1=" " ind2=" ">
    <subfield code="a">LAT</subfield>
  </datafield>
  <datafield tag="102" ind1=" " ind2=" ">
    <subfield code="a">IT</subfield>
  </datafield>
  <datafield tag="200" ind1="1" ind2=" ">
    <subfield code="a">Opuscula qud̆am de re medica. Libri tres de venenis, qui in humanis fiunt corporibus siue de morbis pestilentibus. Epistola, siue commentatio de febribus in quibus peticul ̆apparere solent. Disputatio de acetosa an s. aluum cieat, an sistat</subfield>
  </datafield>
  <datafield tag="210" ind1=" " ind2=" ">
    <subfield code="a">\Brescia</subfield>
    <subfield code="c">Vincenzo Sabbio!</subfield>
    <subfield code="d">1572</subfield>
    <subfield code="e"></subfield>
    <subfield code="g">apud Vincentium Sabium</subfield>
  </datafield>
  <datafield tag="215" ind1=" " ind2=" ">
    <subfield code="a">3 pt.</subfield>
    <subfield code="d">8ʻ</subfield>
  </datafield>
  <datafield tag="300" ind1=" " ind2=" ">
    <subfield code="a">1: De uenenis, qui in humanis fiunt corporibus libri tres. Primus eorum naturam inquirit. Secundus causas, differentias ac morbos, qui ex eis fiunt uestigat. Tertius morborum ab eis prouenientium curationem absoluit. 2: Epistola, siue Commentatio de natura, et curatione febrium, in quibus apparere solent peticulae3: Accurata disputatio de acetosa an scilicet aluum cieat, an sistat</subfield>
  </datafield>
  <datafield tag="423" ind1=" " ind2="0">
    <subfield code="1">001IT\ICCU\CNCE\072402</subfield>
    <subfield code="1">2001 </subfield>
    <subfield code="a">De uenenis, qui in humanis fiunt corporibus libri tres. Primus eorum naturam inquirit. Secundus causas, differentias ac morbos, qui ex eis fiunt uestigat. Tertius morborum ab eis prouenientium curationem absoluit</subfield>
  </datafield>
  <datafield tag="423" ind1=" " ind2="0">
    <subfield code="1">001IT\ICCU\CNCE\072403</subfield>
    <subfield code="1">2001 </subfield>
    <subfield code="a">Epistola, siue Commentatio de natura, et curatione febrium, in quibus apparere solent peticulae</subfield>
  </datafield>
  <datafield tag="423" ind1=" " ind2="0">
    <subfield code="1">001IT\ICCU\CNCE\072404</subfield>
    <subfield code="1">2001 </subfield>
    <subfield code="a">Accurata disputatio de acetosa an scilicet aluum cieat, an sistat</subfield>
  </datafield>
  <datafield tag="620" ind1=" " ind2=" ">
    <subfield code="a">IT</subfield>
    <subfield code="d">Brescia</subfield>
  </datafield>
  <datafield tag="700" ind1=" " ind2="1">
    <subfield code="a">Patina,</subfield>
    <subfield code="b">Benedetto</subfield>
    <subfield code="3">IT\ICCU\CNCA\015655</subfield>
  </datafield>
  <datafield tag="712" ind1="0" ind2="0">
    <subfield code="a">Sabbio, Vincenzo</subfield>
    <subfield code="3">IT\ICCU\CNCT\000044</subfield>
    <subfield code="4">650</subfield>
  </datafield>
  <datafield tag="790" ind1=" " ind2="1">
    <subfield code="a">Patini,</subfield>
    <subfield code="b">Benedetto</subfield>
    <subfield code="3">IT\ICCU\CNCA\021729</subfield>
    <subfield code="z">Patina, Benedetto</subfield>
  </datafield>
  <datafield tag="790" ind1=" " ind2="1">
    <subfield code="a">Patinius,</subfield>
    <subfield code="b">Benedictus</subfield>
    <subfield code="3">IT\ICCU\CNCA\021730</subfield>
    <subfield code="z">Patina, Benedetto</subfield>
  </datafield>
  <datafield tag="791" ind1="0" ind2="0">
    <subfield code="a">Sabiensis, Vincentius</subfield>
    <subfield code="3">IT\ICCU\CNCT\002587</subfield>
    <subfield code="z">Sabbio, Vincenzo</subfield>
  </datafield>
  <datafield tag="791" ind1="0" ind2="0">
    <subfield code="a">Sabius, Vincentius</subfield>
    <subfield code="3">IT\ICCU\CNCT\005508</subfield>
    <subfield code="z">Sabbio, Vincenzo</subfield>
  </datafield>
  <datafield tag="791" ind1="0" ind2="0">
    <subfield code="a">Sabbius, Vincentius</subfield>
    <subfield code="3">IT\ICCU\CNCT\005511</subfield>
    <subfield code="z">Sabbio, Vincenzo</subfield>
  </datafield>
  <datafield tag="791" ind1="0" ind2="0">
    <subfield code="a">Da Sabbio, Vincenzo</subfield>
    <subfield code="3">IT\ICCU\CNCT\005515</subfield>
    <subfield code="z">Sabbio, Vincenzo</subfield>
  </datafield>
  <datafield tag="801" ind1=" " ind2="3">
    <subfield code="a">IT</subfield>
    <subfield code="b">ICCU</subfield>
    <subfield code="c">20201115</subfield>
  </datafield>
  <datafield tag="899" ind1=" " ind2=" ">
    <subfield code="a">Biblioteca nazionale Braidense. Milano</subfield>
    <subfield code="z">MUTILO</subfield>
    <subfield code="1">MI0185</subfield>
    <subfield code="2">MIL NB</subfield>
  </datafield>
  <datafield tag="899" ind1=" " ind2=" ">
    <subfield code="a">Biblioteca universitaria. Padova</subfield>
    <subfield code="1">PD0158</subfield>
    <subfield code="2">PUV 00</subfield>
  </datafield>
  <datafield tag="899" ind1=" " ind2=" ">
    <subfield code="a">Biblioteca comunale. Trento</subfield>
    <subfield code="1">TN0121</subfield>
    <subfield code="2">ZTN 01</subfield>
  </datafield>
  <datafield tag="899" ind1=" " ind2=" ">
    <subfield code="a">British Library. London</subfield>
    <subfield code="1">UK0001</subfield>
  </datafield>
  <datafield tag="899" ind1=" " ind2=" ">
    <subfield code="a">Biblioteca nazionale Marciana. Venezia</subfield>
    <subfield code="1">VE0049</subfield>
    <subfield code="2">VEA BM</subfield>
  </datafield>
  <datafield tag="899" ind1=" " ind2=" ">
    <subfield code="a">Biblioteca civica Bertoliana. Vicenza</subfield>
    <subfield code="z">MUTILO</subfield>
    <subfield code="1">VI0096</subfield>
    <subfield code="2">VIA BE</subfield>
  </datafield>
  <datafield tag="911" ind1=" " ind2=" ">
    <subfield code="a">Sui front.</subfield>
    <subfield code="9">IT\ICCU\CNCM\000739</subfield>
  </datafield>
  <datafield tag="921" ind1=" " ind2=" ">
    <subfield code="a">IT\ICCU\CNCM\000739</subfield>
    <subfield code="b">Sole e luna su paesaggio (eclisse di sole: la luna si frappone tra la terra e il sole oscurandolo). In cornice figurata</subfield>
    <subfield code="e">Non obscuratur.</subfield>
    <subfield code="c">V29</subfield>
    <subfield code="c">Z1110</subfield>
    <subfield code="d">Dimensioni: 6,5 x 7,5</subfield>
    <subfield code="f">LUNA</subfield>
    <subfield code="f">NONOBSCURA</subfield>
    <subfield code="f">PAESAGGIO</subfield>
    <subfield code="f">SOLE</subfield>
    <subfield code="g">1571-1599</subfield>
  </datafield>
</record>
</collection>
